<?xml version="1.0" encoding="UTF-8"?><collection xmlns="http://www.loc.gov/MARC21/slim"><record><leader>00514nam--2200133-i-4500</leader><controlfield tag="001">000046464</controlfield><controlfield tag="002">20161230</controlfield><controlfield tag="005">20161230201046</controlfield><controlfield tag="008">060222s1000------------r-----000-0-eng-d</controlfield><datafield ind1=" " ind2=" " tag="080"><subfield code="a">681.3.06</subfield></datafield><datafield ind1=" " ind2=" " tag="245"><subfield code="a">Utilisation des ordinateurs a distance en temps reel et en temps partage. journees d`etudes a.f.i.r.o. 1966, organisees a la faculte des sciences de grenoble sous la presidence de l.bolliet. preface de j.kuntzmann</subfield></datafield><datafield ind1=" " ind2=" " tag="260"><subfield code="a">Paris, Dunod, 1967, Xii+288p</subfield></datafield><datafield ind1=" " ind2=" " tag="490"><subfield code="a">Monographie D`Informatique</subfield></datafield><datafield ind1=" " ind2=" " tag="852"><subfield code="a">28660</subfield></datafield></record></collection>